<record><leader>00000cas a22000007a 4500</leader><controlfield tag="001">34346340</controlfield><controlfield tag="008">960312d18uu1uuumauuu ne      0    0eng d</controlfield><datafield ind1=" " ind2=" " tag="010"><subfield code="a">sn 96064290 </subfield></datafield><datafield ind1=" " ind2=" " tag="040"><subfield code="a">CNK</subfield><subfield code="b">eng</subfield><subfield code="c">CNK</subfield><subfield code="d">OCL</subfield><subfield code="d">OCLCQ</subfield><subfield code="d">OCLCF</subfield><subfield code="d">OCLCO</subfield></datafield><datafield ind1=" " ind2=" " tag="042"><subfield code="a">msc</subfield></datafield><datafield ind1=" " ind2=" " tag="043"><subfield code="a">n-us-ma</subfield></datafield><datafield ind1="0" ind2="0" tag="245"><subfield code="a">Brockton evening gazette.</subfield></datafield><datafield ind1=" " ind2=" " tag="260"><subfield code="a">Brockton, Mass. :</subfield><subfield code="b">[s.n.]</subfield></datafield><datafield ind1=" " ind2=" " tag="300"><subfield code="a">v.</subfield></datafield><datafield ind1=" " ind2=" " tag="588"><subfield code="a">Description based on: Vol. 14, no. 8 (Oct. 29, 1890).</subfield></datafield><datafield ind1=" " ind2="0" tag="651"><subfield code="a">Brockton (Mass.)</subfield><subfield code="v">Newspapers.</subfield></datafield><datafield ind1=" " ind2="7" tag="655"><subfield code="a">Newspapers.</subfield><subfield code="2">fast</subfield><subfield code="0">(OCoLC)fst01423814</subfield></datafield><datafield ind1=" " ind2="7" tag="651"><subfield code="a">Massachusetts</subfield><subfield code="z">Brockton.</subfield><subfield code="2">fast</subfield><subfield code="0">(OCoLC)fst01209973</subfield></datafield><datafield ind1=" " ind2=" " tag="752"><subfield code="a">United States</subfield><subfield code="b">Massachusetts</subfield><subfield code="c">Plymouth</subfield><subfield code="d">Brockton.</subfield></datafield><datafield ind1="0" ind2=" " tag="775"><subfield code="t">Brockton gazette</subfield><subfield code="w">(DLC)sn 89062029</subfield></datafield><datafield ind1="0" ind2=" " tag="775"><subfield code="t">Brockton weekly gazette (Brockton, Mass. : 1874)</subfield><subfield code="w">(DLC)sn 83020372</subfield></datafield></record>